@misc{ONeil_2020,
	title={World University Rankings: Investigate the best universities in the world},
	url={https://www.kaggle.com/datasets/mylesoneill/world-university-rankings},
	journal={Kaggle},
	publisher={Kaggle},
	author={O'Neill, Myles},
	year={2020}
}

@article{spearman1904general,
	title={{``General Intelligence,'' Objectively Determined and Measured}},
	author={Spearman, Charles},
	journal={The American Journal of Psychology},
	volume={15},
	number={2},
	pages={201--292},
	year={1904},
	publisher={University of Illinois Press},
	doi={10.2307/1412107},
	url={https://www.jstor.org/stable/1412107}
}

@article{rahmadi2024research,
	author = {Rahmadi, I. F.},
	title = {Research on digital transformation in higher education: Present concerns and future endeavours},
	journal = {TechTrends},
	volume = {68},
	pages = {647--660},
	year = {2024},
	doi = {10.1007/s11528-024-00971-0},
	url = {https://doi.org/10.1007/s11528-024-00971-0}
}

@article{fernandez2023digital,
	author = {Fernández, A. and Gómez, B. and Binjaku, K. and Meçe, E. K.},
	title = {Digital transformation initiatives in higher education institutions: A multivocal literature review},
	journal = {Education and Information Technologies},
	volume = {28},
	pages = {12351--12382},
	year = {2023},
	doi = {10.1007/s10639-022-11544-0},
	url = {https://doi.org/10.1007/s10639-022-11544-0}
}

@incollection{bianchi2023it,
	author = {Bianchi, I. and Shurenov, N. and Tovma, N. and Maslova, I. and Shansharkhanov, A.},
	title = {IT governance mechanisms to foster digital transformation in higher education institutions},
	booktitle = {Digital Technologies and Transformation in Business, Industry and Organizations},
	pages = {79--99},
	year = {2023},
	publisher = {Springer},
	doi = {10.1007/978-3-031-40710-9_5},
	url = {https://doi.org/10.1007/978-3-031-40710-9_5}
}


@inproceedings{times2022rankings,
	title={Times Higher Education Rankings Analysis for Enhancing University Performance Using Multi-Criteria Decision Making},
	author={Zhou, Yinghui and Abe, Yasuhiro and Asano, Atsushi},
	booktitle={2024 IEEE 17th International Symposium on Embedded Multicore/Many-core Systems-on-Chip (MCSoC)},
	pages={117--121},
	year={2024},
	organization={IEEE},
	doi = {10.1109/MCSoC64144.2024.00030},
	url = {https://doi.org/10.1109/MCSoC64144.2024.00030}
	
}


@misc{times2023methodology,
	title = {Methodology for overall and subject rankings for the Times Higher Education World University Rankings 2025},
	year = {2023},
	note = {Retrieved from \url{https://www.timeshighereducation.com/sites/default/files/breaking_news_files/the_2025_world_university_rankings_methodology.pdf}}
}

@article{drechsler2018framework,
	author = {Drechsler, Andreas and Weißschädel, Stefan},
	title = {An IT Strategy Development Framework for Small and Medium Enterprises},
	journal = {Information Systems and e-Business Management},
	volume = {16},
	number = {4},
	pages = {775--798},
	year = {2018},
	doi = {10.1007/s10257-017-0342-2},
	url = {https://doi.org/10.1007/s10257-017-0342-2}
}

@article{uslu2020university,
	author = {Uslu, Burhan},
	title = {A comprehensive analysis of factors influencing international university rankings},
	journal = {Higher Education},
	volume = {79},
	number = {5},
	pages = {723--740},
	year = {2020},
	doi = {10.1007/s10734-020-00527-0},
	url = {https://doi.org/10.1007/s10734-020-00527-0}
}

@article{analytics2022competitiveness,
	title={A data analytics approach for university competitiveness: the QS world university rankings},
	author={Estrada-Real, Ana Carmen and Cantu-Ortiz, Francisco J},
	journal={International Journal on Interactive Design and Manufacturing (IJIDeM)},
	volume={16},
	number={3},
	pages={871--891},
	year={2022},
	publisher={Springer},
	doi = {10.1007/s12008-022-00966-2},
	url = {https://doi.org/10.1007/s12008-022-00966-2}
}

@article{digitalsystems2022strategy,
	author = {Dang, Duong  and Vartiainen, Tero},
	title = {Digital Strategy in Information Systems: A Literature Review and an Integrative Framework},
	journal = {Journal of Information Systems Education},
	volume = {33},
	number = {3},
	pages = {261--282},
	year = {2022},
	url = {https://jise.org/volume33/n3/JISE2022v33n3pp261-282.pdf}
}

@article{adama2024alignment,
	author = {Adama, Henry Ejiga and Popoola, Oladapo Adeboye and Okeke, Chukwuekem David and Akinoso, Abiodun Emmanuel},
	title = {Theoretical Frameworks Supporting IT and Business Strategy Alignment for Sustained Competitive Advantage},
	journal = {International Journal of Management \& Entrepreneurship Research},
	volume = {6},
	number = {1},
	pages = {33--48},
	year = {2024},
	doi = {10.1234/ijmer.2024.1058},
	url = {https://doi.org/10.51594/ijmer.v6i4.1058}
}

@article{putra2022trends,
	title={Trends in IT Strategy Implementation: A Systematic Review Across Education and Industry (2000-2022).},
	author={Dear, Varuliantor and Dedi, Nandang and Mardiani, Annis Siradj and Nugroho, Heru},
	journal={Ing{\'e}nierie des Syst{\`e}mes d'Information},
	volume={28},
	number={6},
	year={2023},
	doi = {10.18280/ijsse.120622},
	url={https://doi.org/10.18280/isi.280622}
}

@misc{the2024,
	title={World University Rankings},
	author={Time Higher Education},
	year={2025},
	howpublished = {\url{https://www.timeshighereducation.com/world-university-rankings}},
	note={Accessed 10 January 2025}
}


@inproceedings{dasilva2014cobit,
	title={IT Governance Frameworks and COBIT-A Literature Review.},
	author={Mangalaraj, George and Singh, Anil and Taneja, Aakash},
	booktitle={AMCIS},
	year={2014},
	url = {https://core.ac.uk/download/pdf/301361993.pdf}
}

@article{dehaes2009governance,
	author = {De Haes, Steven and Van Grembergen, Wim},
	title = {IT Strategy and Governance: Frameworks and Best Practices},
	journal = {ISACA Journal},
	year = {2009},
	volume = {2},
	pages = {22--27},
	url = {https://www.isaca.org/resources/isaca-journal/issues}
}

@inproceedings{elalami2021digital,
	title={IT management and governance framework for formulating a digital transformation strategy},
	author={Korachi, Zineb and Bounabat, Bouchaib},
	booktitle={International conference on advanced intelligent systems for sustainable development},
	pages={475--498},
	year={2020},
	organization={Springer},
	doi = {10.1007/978-3-030-90639-9_39},
	url = {https://link.springer.com/chapter/10.1007/978-3-030-90639-9_39}
}








@article{azough2021digital,
	title={Digital Transformation in Higher Education Institutions: A Systematic Literature Review},
	author={Benavides, Lina María Castro and Tamayo Arias, Johnny Alexander and Arango Serna, Martín Darío and Branch Bedoya, John William and Burgos, Daniel},
	journal={Sensors},
	volume={20},
	number={11},
	pages={3291},
	year={2020},
	publisher={MDPI},
	doi={10.3390/s20113291},
	url={https://doi.org/10.3390/s20113291}
}

@article{cheng2022ai,
	title = {Artificial intelligence in education: A systematic literature review},
	author = {Wang, Shan and Wang, Fang and Zhu, Zhen and Wang, Jingxuan and Tran, Tam and Du, Zhao},
	journal = {Expert Systems with Applications},
	volume = {252},
	pages = {124167},
	year = {2024},
	publisher = {Elsevier},
	doi = {10.1016/j.eswa.2024.124167},
	url = {https://doi.org/10.1016/j.eswa.2024.124167}
}



@article{almarzooq2020virtual,
	title={Virtual learning during the COVID-19 pandemic: A disruptive technology in graduate medical education},
	author={Almarzooq, Zaid I and Lopes, Myra and Kochar, Anuradha},
	journal={Journal of the American College of Cardiology},
	volume={75},
	number={20},
	pages={2635--2638},
	year={2020},
	publisher={Elsevier},
	doi={10.1016/j.jacc.2020.04.015},
	url={https://doi.org/10.1016/j.jacc.2020.04.015}
}

@article{tenopir2011data,
	title={Data sharing by scientists: Practices and perceptions},
	author={Tenopir, Carol and Allard, Suzie and Douglass, Kimberly and Aydinoglu, Arsev Umur and Wu, Lynn and Read, Eleanor and Manoff, Maribeth and Frame, Michael},
	journal={PLoS One},
	volume={6},
	number={6},
	pages={e21101},
	year={2011},
	publisher={Public Library of Science},
	doi={10.1371/journal.pone.0021101},
	url={https://doi.org/10.1371/journal.pone.0021101}
}

@article{robinson2019rims,
	title        = {Research Information Management: Defining RIM and the Library’s Role},
	author       = {Rebecca Bryant and Anna Clements and Carol Feltes and David Groenewegen and Simon Huggard and Holly Mercer and Roxanne Missingham and Maliaca Oxnam and Anne Rauh and John Wright},
	institution  = {OCLC Research},
	year         = {2017},
	address      = {Dublin, OH},
	doi          = {10.25333/C3NK88},
	url          = {https://doi.org/10.25333/C3NK88},
	note         = {Prepared by OCLC Research and Research Library Partnership working group}
}


@article{olensky2016data,
	title={Citation counts for research evaluation: standards of good practice for analyzing bibliometric data and presenting and interpreting results},
	author={Bornmann, Lutz and Mutz, R{\"u}diger and Neuhaus, Christoph and Daniel, Hans-Dieter},
	journal={Ethics in Science and Environmental Politics},
	volume={8},
	number={1},
	pages={93--102},
	year={2008},
	doi={10.3354/esep00062},
	url={https://www.int-res.com/abstracts/esep/v8/n1/p93-102/}
}



@book{moed2005citation,
	title={Citation analysis in research evaluation},
	author={Moed, Henk F},
	year={2005},
	publisher={Springer Science \& Business Media},
	doi={10.1007/1-4020-3714-7},
	url={https://doi.org/10.1007/1-4020-3714-7}
}

@article{borner2010structure,
	title        = {Visualizing the Structure of Science},
	author       = {Benjam{\'i}n Vargas-Quesada and F{\'e}lix de Moya-Aneg{\'o}n},
	year         = {2007},
	publisher    = {Springer Berlin, Heidelberg},
	isbn         = {978-3-540-69728-2},
	doi          = {10.1007/3-540-69728-4},
	url          = {https://link.springer.com/book/10.1007/3-540-69728-4}
}

@article{bar-Ilan2010h,
	title = {Coverage of Google Scholar, Scopus, and Web of Science: A case study of the h-index in nursing},
	author = {De Groote, Sandra L. and Raszewski, Rebecca},
	journal = {Nursing Outlook},
	volume = {60},
	number = {6},
	pages = {391--400},
	year = {2012},
	publisher = {Elsevier},
	doi = {10.1016/j.outlook.2012.04.007},
	url = {https://doi.org/10.1016/j.outlook.2012.04.007}
}



@article{boeren2023global,
	title     = {Digital Learning Platforms: An Integrative Review to Support Internationalization of Higher Education},
	author    = {Cl{\'a}udio de Lima and Rog{\'e}rio Cid Bastos and Greg{\'o}rio Varvakis},
	journal   = {Educação \& Realidade},
	volume    = {45},
	year      = {2020},
	doi       = {10.1590/0102-4698232826},
	url       = {https://www.scielo.br/j/edur/a/V6vYwQZS3Tx3NNzDNJsPsvP/?lang=en},
	note      = {Open-access, integrative literature review (Brazil)}
}




@article{dewit2020internationalisation,
	title={Internationalization of Higher Education: The Need for a More Ethical and Qualitative Approach},
	author={de Wit, Hans},
	journal={Journal of International Students},
	volume={10},
	number={1},
	pages={i--iv},
	year={2020},
	publisher={Journal of International Students},
	doi={10.32674/jis.v10i1.1893},
	url={https://doi.org/10.32674/jis.v10i1.1893}
}

@book{hudzik2011comprehensive,
	title = {Comprehensive Internationalization: From Concept to Action},
	author = {Hudzik, John K.},
	year = {2011},
	publisher = {NAFSA: Association of International Educators},
	address = {Washington, DC},
	note = {Digital download, 44 pages},
	url = {https://www.nafsa.org/professional-resources/browse-by-interest/comprehensive-internationalization-concept-action}
}

@article{perkmann2013academic,
	title={Academic engagement and commercialisation: A review of the literature on university–industry relations},
	author={Perkmann, Markus and Tartari, Valentina and McKelvey, Maureen and Autio, Erkko and Broström, Anders and D’Este, Pablo and Fini, Riccardo and Geuna, Aldo and Grimaldi, Rosa and Hughes, Alan and others},
	journal={Research Policy},
	volume={42},
	number={2},
	pages={423--442},
	year={2013},
	publisher={Elsevier},
	doi={10.1016/j.respol.2012.09.007},
	url={https://doi.org/10.1016/j.respol.2012.09.007}
}






@article{sengupta2023value,
	title={University–industry cooperation: A systematic literature review and research agenda},
	author={Mascarenhas, Carla and Ferreira, Jo{\~a}o J. and Marques, Carla},
	journal={Science and Public Policy},
	volume={45},
	number={5},
	pages={708--718},
	year={2018},
	publisher={Oxford University Press},
	doi={10.1093/scipol/scy003},
	url={https://doi.org/10.1093/scipol/scy003}
}



@article{abbas2020forecasting,
	title={Data mining for forecasting labor resource requirements: a case study of project management staffing requirements},
	author={Elkholosy, Hady and Ead, Rana and Hammad, Ahmed and AbouRizk, Simaan},
	journal={International Journal of Construction Management},
	volume={24},
	number={5},
	pages={561--572},
	year={2024},
	publisher={Taylor \& Francis},
	doi={10.1080/15623599.2022.2112898},
	url={https://doi.org/10.1080/15623599.2022.2112898}
}


@article{panagiotopoulos2021learning,
	title={Adaptive Decision Support for Academic Course Scheduling Using Intelligent Software Agents},
	author={Dasgupta, Prithviraj and Khazanchi, Deepak},
	journal={International Journal of Technology in Teaching and Learning},
	volume={1},
	number={2},
	pages={63--78},
	year={2005},
	url={https://digitalcommons.unomaha.edu/isqafacpub/4}
}


@article{agbo2023dashboards,
	author    = {Yesom Yoo and Hyeyun Lee and Il-Hyun Jo and Yeonjeong Park},
	title     = {Educational Dashboards for Smart Learning: Review of Case Studies},
	booktitle = {Emerging Issues in Smart Learning},
	editor    = {Guang Chen and Vive Kumar and Kinshuk and Ronghuai Huang and Siu Cheung Kong},
	series    = {Lecture Notes in Educational Technology},
	pages     = {145--155},
	year      = {2015},
	publisher = {Springer, Berlin, Heidelberg},
	doi       = {10.1007/978-3-662-44188-6_21},
	isbn      = {978-3-662-44187-9},
	url       = {https://doi.org/10.1007/978-3-662-44188-6_21}
}



@article{gunawardena2021digital,
	author    = {Mohan S. Gounder and Vani Vasudevan and Abdulaziz S. Almazyad},
	title     = {A Survey on Business Intelligence Tools for University Dashboard Development},
	booktitle = {2016 3rd MEC International Conference on Big Data and Smart City (ICBDSC)},
	year      = {2016},
	pages     = {1--6},
	doi       = {10.1109/ICBDSC.2016.7460347},
	publisher = {IEEE}
}




@article{kuzu2020digital,
	title        = {Digital Transformation in Higher Education: A Case Study on Strategic Plans},
	author       = {Kuzu, Omur Hakan},
	journal      = {Vysshee obrazovanie v Rossii (Higher Education in Russia)},
	year         = {2020},
	volume       = {29},
	number       = {3},
	pages        = {9--23},
	doi          = {10.31992/0869-3617-2019-29-3-9-23},
	url          = {https://doi.org/10.31992/0869-3617-2019-29-3-9-23},
	issn         = {0869-3617},
	language     = {en},
	note         = {Open access, CC BY license}
}




@article{komljenovic2020platformisation,
	title     = {The impact of social media on international student recruitment: the case of Lebanon},
	author    = {Vrontis, Demetris and El Nemar, Sam and Ouwaida, Ammar and Shams, S.M. Riad},
	journal   = {Journal of International Education in Business},
	volume    = {11},
	number    = {1},
	pages     = {79--103},
	year      = {2018},
	publisher = {Emerald Publishing Limited},
	doi       = {10.1108/JIEB-05-2017-0020},
	url       = {https://doi.org/10.1108/JIEB-05-2017-0020}
}



@article{perkins2021ai,
	author    = {Amruta and Ramakrishnan Raman},
	title     = {AI as a Catalyst for Change in International Student Admissions},
	booktitle = {2024 International Conference on Knowledge Engineering and Communication Systems (ICKECS)},
	year      = {2024},
	pages     = {},
	doi       = {10.1109/ICKECS61492.2024.10616738},
	url       = {https://doi.org/10.1109/ICKECS61492.2024.10616738},
	publisher = {IEEE},
	address   = {Chikkaballapur, India},
	month     = apr
}



@article{dede2021data,
	title     = {Data-driven Decision Making in Higher Education Institutions: State-of-play},
	author    = {Silvia Gaftandzhieva and Sadiq Hussain and Slavoljub Hilcenko and Rositsa Doneva and Kirina Boykova},
	journal   = {International Journal of Advanced Computer Science and Applications (IJACSA)},
	volume    = {14},
	number    = {6},
	year      = {2023},
	doi       = {10.14569/IJACSA.2023.0140642},
	url       = {https://dx.doi.org/10.14569/IJACSA.2023.0140642},
	publisher = {The Science and Information (SAI) Organization}
}


@article{singh2020predictive,
	title     = {Systematic Literature Review of Predictive Analysis Tools in Higher Education},
	author    = {Liz-Domínguez, Martín and Caeiro-Rodríguez, Manuel and Llamas-Nistal, Martín and Mikic-Fonte, Fernando A.},
	journal   = {Applied Sciences},
	volume    = {9},
	number    = {24},
	pages     = {5569},
	year      = {2019},
	publisher = {MDPI},
	doi       = {10.3390/app9245569},
	url       = {https://www.mdpi.com/2076-3417/9/24/5569}
}

@article{hashim2021higher,
	author = {Hashim, M. A. M. and Tlemsani, I. and Matthews, R.},
	title = {Higher education strategy in digital transformation},
	journal = {Education and Information Technologies},
	volume = {26},
	pages = {6105--6134},
	year = {2021},
	doi = {10.1007/s10639-021-10739-1},
	url = {https://doi.org/10.1007/s10639-021-10739-1}
}

@article{wirsing2021agile,
	title        = {Agile Governance for Innovating Higher Education Teaching and Learning},
	author       = {Wirsing, Martin and Frey, Dieter},
	journal      = {Rivista di Digital Politics},
	volume       = {3},
	year         = {2021},
	pages        = {543--558},
	doi          = {10.53227/103804},
	url          = {https://www.rivisteweb.it/doi/10.53227/103804},
	note         = {Open access},
	language     = {en},
	keywords     = {Agile Governance, Software Development, Teaching and Learning, Higher Education, Multipliers}
}
